@article{silver2025welcome,
  title={Welcome to the Era of Experience},
  author={Silver, David and Sutton, Richard S},
  journal={Preprint of a chapter to appear in Designing an Intelligence, edited by George Konidaris, MIT Press (forthcoming)},
  year={2025}
}
